% Introducción

@INPROCEEDINGS{gangula2013survey,
  author={Gangula, A. and Ansari, S. and Gondhalekar, M.},
  booktitle={Modelling Symposium (EMS), 2013 European},
  title={Survey on Mobile Computing Security},
  year={2013},
  month={Nov},
  pages={536-542},
  keywords={computer crime;mobile computing;smart phones;telecommunication security;communications;computers;device attack;hackers;mobile applications;mobile computing security;mobile phones;mobile technology;mobile threats;security issues;smart phones;wireless technology;Browsers;Fingerprint recognition;Mobile communication;Mobile handsets;Spyware;attacks;mobile;security;smartphone;threat},
  doi={10.1109/EMS.2013.89},
}

@ARTICLE{Opp_Security11,
	AUTHOR = "R. Oppliger",
	TITLE = "Security and Privacy in an Online World",
	JOURNAL = "IEEE Computer",
	VOLUME = {44},
	NUMBER = {9},
	PAGES = {21-22},
	MONTH = "September",
	YEAR = {2011}	
}

@book{kaeo2003designing,
  title={Designing network security},
  author={Kaeo, Merike},
  year={2003},
  publisher={Cisco Press}
}

@article{stanton2005analysis,
  title={Analysis of end user security behaviors},
  author={Stanton, Jeffrey M and Stam, Kathryn R and Mastrangelo, Paul and Jolton, Jeffrey},
  journal={Computers \& Security},
  volume={24},
  number={2},
  pages={124--133},
  year={2005},
  publisher={Elsevier}
}

@article{breivik2002abstract,
  title={Abstract misuse patterns - a new approach to security requirements},
  author={Breivik, GF},
  journal={Master Thesis. Dept of Information Science. Bergen, University of Bergen, N-5020 NORWAY},
  year={2002}
}

@inproceedings{abowd1999towards,
  title={Towards a better understanding of context and context-awareness},
  author={Abowd, Gregory D and Dey, Anind K and Brown, Peter J and Davies, Nigel and Smith, Mark and Steggles, Pete},
  booktitle={Handheld and ubiquitous computing},
  pages={304--307},
  year={1999},
  organization={Springer}
}

@article{DeVel2001,
   author = {O. de Vel and A. Anderson and M. Corney and G. Mohay},
   journal = {SIGMOD Record},
   number = {4},
   pages = {55-64},
   title = {Mining E-mail Content for Author Identification Forensics},
   volume = {30},
   year = {2001}
}

@article{de2002discovering,
  title={Discovering interesting classification rules with genetic programming},
  author={De Falco, Ivan and Della Cioppa, Antonio and Tarantino, Ernesto},
  journal={Applied Soft Computing},
  volume={1},
  number={4},
  pages={257--269},
  year={2002},
  publisher={Elsevier}
}

% Metodología

@article{duran2007mineria,
  title={Miner{\'\i}a de datos para descubrir estilos de aprendizaje},
  author={Dur{\'a}n, Elena B and Costaguta, Rosanna N},
  journal={Revista Iberoamericana de Educaci{\'o}n},
  volume={42},
  number={2},
  pages={6},
  year={2007},
  publisher={Organizaci{\'o}n de Estados Iberoamericanos para la Educaci{\'o}n, la Ciencia y la Cultura, OEI}
}


@article{han2007frequent,
  title={Frequent pattern mining: current status and future directions},
  author={Han, Jiawei and Cheng, Hong and Xin, Dong and Yan, Xifeng},
  journal={Data Mining and Knowledge Discovery},
  volume={15},
  number={1},
  pages={55--86},
  year={2007},
  publisher={Springer}
}

@article{guyon2003introduction,
  title={An introduction to variable and feature selection},
  author={Guyon, Isabelle and Elisseeff, Andr{\'e}},
  journal={The Journal of Machine Learning Research},
  volume={3},
  pages={1157--1182},
  year={2003},
  publisher={JMLR. org}
}

@book{witten2005data,
  title={Data Mining: Practical machine learning tools and techniques},
  author={Witten, Ian H and Frank, Eibe},
  year={2005},
  publisher={Morgan Kaufmann}
}

@book{koza1992genetic,
  title={Genetic programming: on the programming of computers by means of natural selection},
  author={Koza, John R},
  volume={1},
  year={1992},
  publisher={MIT press}
}

@inproceedings{tan2002mining,
  title={Mining multiple comprehensible classification rules using genetic programming},
  author={Tan, KC and Tay, A and Lee, TH and Heng, CM},
  booktitle={Evolutionary Computation, 2002. CEC'02. Proceedings of the 2002 Congress on},
  volume={2},
  pages={1302--1307},
  year={2002},
  organization={IEEE}
}

